[gd_scene load_steps=9 format=3 uid="uid://dbrsbw0nbe6y1"]

[ext_resource type="PackedScene" uid="uid://bujtgcgbg36b0" path="res://Scenes/Otros/Personaje.tscn" id="1_dl22b"]
[ext_resource type="PackedScene" uid="uid://bam4d07ko3e6j" path="res://Scenes/Otros/Fondo2.tscn" id="2_j6nyi"]
[ext_resource type="PackedScene" uid="uid://dnfj5ix5w4hgx" path="res://Scenes/Otros/DeadZone.tscn" id="3_duqwc"]
[ext_resource type="PackedScene" uid="uid://bf55uurmf16ns" path="res://Scenes/Tilemap level.tscn" id="4_70seh"]
[ext_resource type="PackedScene" uid="uid://tcos0ko6xil4" path="res://Scenes/UI/UI.tscn" id="5_sagja"]
[ext_resource type="PackedScene" uid="uid://d3hpbpeofi4j5" path="res://Scenes/UI/Transition.tscn" id="6_r686n"]
[ext_resource type="PackedScene" uid="uid://dwyfehaiiyvfj" path="res://Scenes/UI/Menu pausa.tscn" id="7_3rigr"]
[ext_resource type="PackedScene" uid="uid://cq08ye4n7yi5e" path="res://Scenes/Otros/LevelManager.tscn" id="8_wkp1c"]

[node name="Nivel Ejemplo" type="Node2D"]
metadata/_edit_vertical_guides_ = [-792.0, -582.0]

[node name="Player" parent="." instance=ExtResource("1_dl22b")]
position = Vector2(-389, -283)

[node name="Camera2D" type="Camera2D" parent="."]
position = Vector2(-110, -300)
zoom = Vector2(2.5, 2.5)

[node name="Fondo2" parent="Camera2D" instance=ExtResource("2_j6nyi")]
position = Vector2(1.90735e-06, 0)
scale = Vector2(14.168, 8.30175)

[node name="Mapa" type="Node" parent="."]

[node name="DeadZone" parent="Mapa" instance=ExtResource("3_duqwc")]
position = Vector2(456, 31)
scale = Vector2(-6.83907, 5.64934)

[node name="Inicio" type="Node2D" parent="Mapa"]
position = Vector2(-389, -284)

[node name="TilemapLevel" parent="Mapa" instance=ExtResource("4_70seh")]
position = Vector2(110, -222)
layer_0/name = "ConnectorLayer"
layer_0/z_index = 1
layer_0/tile_data = PackedInt32Array(-13, 0, 327680, -9, 6, 65536, -2, 6, 65536, -65535, 0, 393216, -6, 0, 131072, 65534, 6, 262144, -65538, 6, 65536, -5, 6, 65536, -4, 6, 65536, -8, 6, 65536, -131071, 6, 65536)
layer_1/name = "Floor"
layer_1/z_index = 3
layer_1/tile_data = PackedInt32Array()

[node name="UI" type="CanvasLayer" parent="."]

[node name="UI" parent="UI" instance=ExtResource("5_sagja")]
offset_top = 14.84
offset_bottom = 54.84
Tutorial = true

[node name="MenuPausa" parent="UI" instance=ExtResource("7_3rigr")]
visible = false
anchors_preset = 8
anchor_left = 0.5
anchor_top = 0.5
anchor_right = 0.5
anchor_bottom = 0.5
offset_left = -54.5
offset_top = -42.0
offset_right = 54.5
offset_bottom = 42.0

[node name="Deck" type="Control" parent="UI"]
layout_mode = 3
anchors_preset = 7
anchor_left = 0.5
anchor_top = 1.0
anchor_right = 0.5
anchor_bottom = 1.0
offset_left = 1027.0
offset_top = -137.0
offset_right = 1027.0
offset_bottom = -137.0
grow_horizontal = 2
grow_vertical = 0
scale = Vector2(3, 3)
pivot_offset = Vector2(17, 25)

[node name="Transition" parent="UI" instance=ExtResource("6_r686n")]
visible = false
LevelName = "Level -7"

[node name="LevelManager" parent="." instance=ExtResource("8_wkp1c")]
position = Vector2(-52, -35)
scale = Vector2(1.69641, 1.98481)
NumeroRondas = 3
ActualLevel = 7
