[gd_scene load_steps=21 format=3 uid="uid://bj8616ihhclof"]

[ext_resource type="PackedScene" uid="uid://bujtgcgbg36b0" path="res://Scenes/Otros/Personaje.tscn" id="1_vsl3q"]
[ext_resource type="Texture2D" uid="uid://cbhgvia54ugjm" path="res://Sprites/Others/Personaje.png" id="2_v5jub"]
[ext_resource type="PackedScene" uid="uid://dnfj5ix5w4hgx" path="res://Scenes/Otros/DeadZone.tscn" id="3_nw0b7"]
[ext_resource type="PackedScene" uid="uid://d0se567n3xnix" path="res://Scenes/Otros/Fondo.tscn" id="4_ttv8a"]
[ext_resource type="PackedScene" uid="uid://bf55uurmf16ns" path="res://Scenes/Tilemap level.tscn" id="5_4dgf6"]
[ext_resource type="PackedScene" uid="uid://tcos0ko6xil4" path="res://Scenes/UI/UI.tscn" id="6_5dhj6"]
[ext_resource type="PackedScene" uid="uid://d3hpbpeofi4j5" path="res://Scenes/UI/Transition.tscn" id="7_f3bfh"]
[ext_resource type="PackedScene" uid="uid://dwyfehaiiyvfj" path="res://Scenes/UI/Menu pausa.tscn" id="8_40p65"]
[ext_resource type="PackedScene" uid="uid://dwif1y5kvst0s" path="res://Scenes/Cards/Life Cards/Life1Card.tscn" id="9_5vgvv"]
[ext_resource type="PackedScene" uid="uid://cq08ye4n7yi5e" path="res://Scenes/Otros/LevelManager.tscn" id="9_qmjs5"]
[ext_resource type="Shader" path="res://Shaders/CardDisolve.gdshader" id="10_vpx2x"]
[ext_resource type="Texture2D" uid="uid://dpqomr4apnq4l" path="res://Shaders/ac-texture-noise-mode-scalar-24.jpg" id="11_xp5h4"]
[ext_resource type="PackedScene" uid="uid://bhm84wq1q102g" path="res://Scenes/Cards/Life Cards/Life3Card.tscn" id="12_15jta"]

[sub_resource type="Gradient" id="Gradient_3djs1"]
interpolation_mode = 1
offsets = PackedFloat32Array(0, 0.158242, 0.410989, 0.661538, 1)
colors = PackedColorArray(1, 1, 1, 0, 0.76052, 0.0484233, 9.62615e-08, 1, 0.74628, 0.355047, 0.0423084, 1, 0.742624, 0.744501, 7.70092e-07, 1, 1, 1, 1, 0)

[sub_resource type="GradientTexture2D" id="GradientTexture2D_0skbq"]
gradient = SubResource("Gradient_3djs1")
fill_from = Vector2(0.5, 0.5)
fill_to = Vector2(1, 0.5)

[sub_resource type="ShaderMaterial" id="ShaderMaterial_netk5"]
resource_local_to_scene = true
shader = ExtResource("10_vpx2x")
shader_parameter/progress = -1.0
shader_parameter/width = 0.145
shader_parameter/timed = false
shader_parameter/speed = 1.0
shader_parameter/angle = 0.0
shader_parameter/noise = ExtResource("11_xp5h4")
shader_parameter/colorCurve = SubResource("GradientTexture2D_0skbq")

[sub_resource type="ShaderMaterial" id="ShaderMaterial_0lrag"]
resource_local_to_scene = true
shader = ExtResource("10_vpx2x")
shader_parameter/progress = -1.0
shader_parameter/width = 0.145
shader_parameter/timed = false
shader_parameter/speed = 1.0
shader_parameter/angle = 0.0
shader_parameter/noise = ExtResource("11_xp5h4")
shader_parameter/colorCurve = SubResource("GradientTexture2D_0skbq")

[sub_resource type="Gradient" id="Gradient_4uerc"]
interpolation_mode = 1
offsets = PackedFloat32Array(0, 0.158242, 0.410989, 0.661538, 1)
colors = PackedColorArray(1, 1, 1, 0, 0.76052, 0.0484233, 9.62615e-08, 1, 0.74628, 0.355047, 0.0423084, 1, 0.742624, 0.744501, 7.70092e-07, 1, 1, 1, 1, 0)

[sub_resource type="GradientTexture2D" id="GradientTexture2D_7npf5"]
gradient = SubResource("Gradient_4uerc")
fill_from = Vector2(0.5, 0.5)
fill_to = Vector2(1, 0.5)

[sub_resource type="ShaderMaterial" id="ShaderMaterial_2dgbh"]
resource_local_to_scene = true
shader = ExtResource("10_vpx2x")
shader_parameter/progress = -1.0
shader_parameter/width = 0.145
shader_parameter/timed = false
shader_parameter/speed = 1.0
shader_parameter/angle = 0.0
shader_parameter/noise = ExtResource("11_xp5h4")
shader_parameter/colorCurve = SubResource("GradientTexture2D_7npf5")

[node name="Nivel Ejemplo" type="Node2D"]
metadata/_edit_vertical_guides_ = [-792.0, -582.0]

[node name="Player" parent="." instance=ExtResource("1_vsl3q")]
position = Vector2(-541, -245)
TextureSprite = ExtResource("2_v5jub")

[node name="Camera2D" type="Camera2D" parent="."]
position = Vector2(-162, -316)
zoom = Vector2(1.695, 1.695)

[node name="Mapa" type="Node" parent="."]

[node name="DeadZone" parent="Mapa" instance=ExtResource("3_nw0b7")]
position = Vector2(446, -11)
scale = Vector2(-6.83907, 5.64934)

[node name="Fondo" parent="Mapa" instance=ExtResource("4_ttv8a")]
position = Vector2(-108, -314)

[node name="TilemapLevel" parent="Mapa" instance=ExtResource("5_4dgf6")]
position = Vector2(96, -279)
layer_0/name = "ConnectorLayer"
layer_0/z_index = 1
layer_1/name = "Floor"
layer_1/z_index = 3
layer_1/tile_data = PackedInt32Array(65525, 0, 327680, 65529, 6, 65536, 65528, 6, 65536, 65527, 6, 65536, 65534, 0, 196608)

[node name="Inicio" type="Node2D" parent="Mapa/TilemapLevel"]
position = Vector2(-421, -10)

[node name="UI" type="CanvasLayer" parent="."]

[node name="UI" parent="UI" instance=ExtResource("6_5dhj6")]
offset_top = 14.84
offset_bottom = 54.84
Tutorial = true

[node name="Transition" parent="UI" instance=ExtResource("7_f3bfh")]
visible = false
LevelName = "Level -5"

[node name="MenuPausa" parent="UI" instance=ExtResource("8_40p65")]
visible = false
offset_left = -58.0
offset_right = -58.0
scale = Vector2(2, 2)

[node name="Deck" type="Node2D" parent="."]
position = Vector2(-613, -713)

[node name="Life1Card" parent="Deck" instance=ExtResource("9_5vgvv")]
material = SubResource("ShaderMaterial_netk5")

[node name="Life1Card2" parent="Deck" instance=ExtResource("9_5vgvv")]
material = SubResource("ShaderMaterial_0lrag")
offset_left = 0.06604
offset_right = 35.066

[node name="Life3Card" parent="Deck" instance=ExtResource("12_15jta")]
material = SubResource("ShaderMaterial_2dgbh")

[node name="LevelManager" parent="." instance=ExtResource("9_qmjs5")]
position = Vector2(-46, -36)
scale = Vector2(1.69641, 1.98481)
NumeroRondas = 2
NextLevelPath = "res://Scenes/Niveles/Level_6.tscn"
PreviousLevelPath = "res://Scenes/Niveles/Level_4.tscn"
ActualLevel = 5
Lifes = 3
