[gd_scene load_steps=7 format=3 uid="uid://dwyfehaiiyvfj"]

[ext_resource type="Script" path="res://Scripts/UI/Menu pausa.gd" id="1_opjgl"]
[ext_resource type="Texture2D" uid="uid://x7dpdcfdqmgp" path="res://Sprites/UI SPRITES/Button sprites/Pausa.png" id="2_7qoec"]
[ext_resource type="Texture2D" uid="uid://tpbu04sjlwxt" path="res://Sprites/UI SPRITES/Button sprites/Button normal.png" id="3_dh6xy"]
[ext_resource type="Texture2D" uid="uid://co478ryc1bf60" path="res://Sprites/UI SPRITES/Button sprites/Button Pressed.png" id="4_umg2e"]
[ext_resource type="FontFile" uid="uid://nf5pxyuov26y" path="res://Font/PressStart2P.ttf" id="5_3isth"]
[ext_resource type="PackedScene" uid="uid://bpd8grf1wyxk8" path="res://Scenes/UI/SliderVolume.tscn" id="10_5q660"]

[node name="MenuPausa" type="TextureRect"]
z_index = 20
texture_filter = 1
anchors_preset = -1
anchor_left = 0.502
anchor_top = 0.624
anchor_right = 0.502
anchor_bottom = 0.624
offset_left = -57.8401
offset_top = -41.92
offset_right = 51.1599
offset_bottom = 42.08
grow_horizontal = 2
grow_vertical = 2
scale = Vector2(8, 8)
pivot_offset = Vector2(54, 42)
size_flags_horizontal = 4
size_flags_vertical = 4
texture = ExtResource("2_7qoec")
script = ExtResource("1_opjgl")

[node name="NORMAL" type="VBoxContainer" parent="."]
layout_mode = 1
anchors_preset = 8
anchor_left = 0.5
anchor_top = 0.5
anchor_right = 0.5
anchor_bottom = 0.5
offset_left = -38.75
offset_top = -22.5
offset_right = 38.25
offset_bottom = 33.5
grow_horizontal = 2
grow_vertical = 2
size_flags_horizontal = 4
size_flags_vertical = 4

[node name="Resume Button" type="TextureButton" parent="NORMAL"]
texture_filter = 1
layout_mode = 2
size_flags_horizontal = 4
focus_neighbor_top = NodePath("../Back_To_Menu Button")
texture_normal = ExtResource("3_dh6xy")
texture_pressed = ExtResource("4_umg2e")
texture_hover = ExtResource("4_umg2e")
texture_disabled = ExtResource("4_umg2e")
texture_focused = ExtResource("4_umg2e")

[node name="Label" type="Label" parent="NORMAL/Resume Button"]
layout_mode = 0
offset_left = -25.3
offset_top = -0.2
offset_right = 102.7
offset_bottom = 15.8
scale = Vector2(0.5, 0.5)
pivot_offset = Vector2(64, 8)
theme_override_colors/font_color = Color(0, 0, 0, 1)
theme_override_fonts/font = ExtResource("5_3isth")
text = "Resume"
horizontal_alignment = 1

[node name="Options Button" type="TextureButton" parent="NORMAL"]
texture_filter = 1
layout_mode = 2
size_flags_horizontal = 4
texture_normal = ExtResource("3_dh6xy")
texture_pressed = ExtResource("4_umg2e")
texture_hover = ExtResource("4_umg2e")
texture_disabled = ExtResource("4_umg2e")
texture_focused = ExtResource("4_umg2e")

[node name="Label" type="Label" parent="NORMAL/Options Button"]
layout_mode = 0
offset_left = -25.3
offset_top = -0.2
offset_right = 102.7
offset_bottom = 15.8
scale = Vector2(0.5, 0.5)
pivot_offset = Vector2(64, 8)
theme_override_colors/font_color = Color(0, 0, 0, 1)
theme_override_fonts/font = ExtResource("5_3isth")
text = "Options"
horizontal_alignment = 1

[node name="Back_To_Menu Button" type="TextureButton" parent="NORMAL"]
visible = false
texture_filter = 1
layout_mode = 2
size_flags_vertical = 4
focus_neighbor_bottom = NodePath("../Resume Button")
texture_normal = ExtResource("3_dh6xy")
texture_pressed = ExtResource("4_umg2e")
texture_hover = ExtResource("4_umg2e")
texture_disabled = ExtResource("4_umg2e")
texture_focused = ExtResource("4_umg2e")

[node name="Label" type="Label" parent="NORMAL/Back_To_Menu Button"]
layout_mode = 0
offset_left = -57.4167
offset_top = -0.208331
offset_right = 134.583
offset_bottom = 15.7917
scale = Vector2(0.375, 0.375)
pivot_offset = Vector2(96, 8)
theme_override_colors/font_color = Color(0, 0, 0, 1)
theme_override_fonts/font = ExtResource("5_3isth")
text = "Back to Menu
"
horizontal_alignment = 1

[node name="Back_To_Editor" type="TextureButton" parent="NORMAL"]
texture_filter = 1
layout_mode = 2
size_flags_vertical = 4
focus_neighbor_bottom = NodePath("../Resume Button")
texture_normal = ExtResource("3_dh6xy")
texture_pressed = ExtResource("4_umg2e")
texture_hover = ExtResource("4_umg2e")
texture_disabled = ExtResource("4_umg2e")
texture_focused = ExtResource("4_umg2e")

[node name="Label" type="Label" parent="NORMAL/Back_To_Editor"]
layout_mode = 0
offset_left = -55.75
offset_right = 136.25
offset_bottom = 16.0
scale = Vector2(0.475, 0.475)
pivot_offset = Vector2(96, 8)
theme_override_colors/font_color = Color(0, 0, 0, 1)
theme_override_fonts/font = ExtResource("5_3isth")
text = "Editor
"
horizontal_alignment = 1

[node name="OPTIONS" type="VBoxContainer" parent="."]
visible = false
layout_mode = 1
anchors_preset = 8
anchor_left = 0.5
anchor_top = 0.5
anchor_right = 0.5
anchor_bottom = 0.5
offset_left = -86.625
offset_top = -34.75
offset_right = 94.3754
offset_bottom = 51.25
grow_horizontal = 2
grow_vertical = 2
scale = Vector2(0.525, 0.525)
pivot_offset = Vector2(83.235, 43)
alignment = 1

[node name="GENERAL" type="HBoxContainer" parent="OPTIONS"]
layout_mode = 2
alignment = 1

[node name="General Button" type="TextureButton" parent="OPTIONS/GENERAL"]
texture_filter = 1
layout_mode = 2
size_flags_horizontal = 4
focus_mode = 0
texture_normal = ExtResource("3_dh6xy")
texture_pressed = ExtResource("3_dh6xy")
texture_hover = ExtResource("3_dh6xy")
texture_disabled = ExtResource("3_dh6xy")
texture_focused = ExtResource("3_dh6xy")

[node name="Label" type="Label" parent="OPTIONS/GENERAL/General Button"]
layout_mode = 0
offset_left = -25.3
offset_top = -0.2
offset_right = 102.7
offset_bottom = 15.8
scale = Vector2(0.5, 0.5)
pivot_offset = Vector2(64, 8)
theme_override_colors/font_color = Color(0, 0, 0, 1)
theme_override_fonts/font = ExtResource("5_3isth")
text = "General"
horizontal_alignment = 1

[node name="SliderVolume" parent="OPTIONS/GENERAL" node_paths=PackedStringArray("button") instance=ExtResource("10_5q660")]
custom_minimum_size = Vector2(100, 0)
layout_mode = 2
focus_neighbor_top = NodePath("../../Back Button")
Bus_Name = "Master"
button = NodePath("../General Button")
buttonNoFocused = ExtResource("3_dh6xy")
buttonFocused = ExtResource("4_umg2e")

[node name="MUSICA" type="HBoxContainer" parent="OPTIONS"]
layout_mode = 2
alignment = 2

[node name="Musica Button" type="TextureButton" parent="OPTIONS/MUSICA"]
texture_filter = 1
custom_minimum_size = Vector2(40, 0)
layout_mode = 2
size_flags_horizontal = 4
focus_mode = 0
texture_normal = ExtResource("3_dh6xy")
texture_pressed = ExtResource("3_dh6xy")
texture_hover = ExtResource("3_dh6xy")
texture_disabled = ExtResource("3_dh6xy")
texture_focused = ExtResource("3_dh6xy")

[node name="Label" type="Label" parent="OPTIONS/MUSICA/Musica Button"]
layout_mode = 0
offset_left = -25.3
offset_top = -0.2
offset_right = 102.7
offset_bottom = 15.8
scale = Vector2(0.5, 0.5)
pivot_offset = Vector2(64, 8)
theme_override_colors/font_color = Color(0, 0, 0, 1)
theme_override_fonts/font = ExtResource("5_3isth")
text = "Music"
horizontal_alignment = 1

[node name="SliderVolume" parent="OPTIONS/MUSICA" node_paths=PackedStringArray("button") instance=ExtResource("10_5q660")]
custom_minimum_size = Vector2(100, 0)
layout_mode = 2
Bus_Name = "Music"
button = NodePath("../Musica Button")
buttonNoFocused = ExtResource("3_dh6xy")
buttonFocused = ExtResource("4_umg2e")

[node name="SFX" type="HBoxContainer" parent="OPTIONS"]
custom_minimum_size = Vector2(0, 26.775)
layout_mode = 2
alignment = 2

[node name="SFX Button" type="TextureButton" parent="OPTIONS/SFX"]
texture_filter = 1
layout_mode = 2
size_flags_horizontal = 4
focus_mode = 0
texture_normal = ExtResource("3_dh6xy")
texture_pressed = ExtResource("3_dh6xy")
texture_hover = ExtResource("3_dh6xy")
texture_disabled = ExtResource("3_dh6xy")
texture_focused = ExtResource("3_dh6xy")

[node name="Label" type="Label" parent="OPTIONS/SFX/SFX Button"]
layout_mode = 0
offset_left = -25.3
offset_top = -0.2
offset_right = 102.7
offset_bottom = 15.8
scale = Vector2(0.5, 0.5)
pivot_offset = Vector2(64, 8)
theme_override_colors/font_color = Color(0, 0, 0, 1)
theme_override_fonts/font = ExtResource("5_3isth")
text = "SFX"
horizontal_alignment = 1

[node name="SliderVolume" parent="OPTIONS/SFX" node_paths=PackedStringArray("button") instance=ExtResource("10_5q660")]
custom_minimum_size = Vector2(100, 0)
layout_mode = 2
button = NodePath("../SFX Button")
buttonNoFocused = ExtResource("3_dh6xy")
buttonFocused = ExtResource("4_umg2e")

[node name="Back Button" type="TextureButton" parent="OPTIONS"]
texture_filter = 1
layout_mode = 2
size_flags_horizontal = 4
focus_neighbor_bottom = NodePath("../GENERAL/SliderVolume")
texture_normal = ExtResource("3_dh6xy")
texture_pressed = ExtResource("4_umg2e")
texture_hover = ExtResource("4_umg2e")
texture_disabled = ExtResource("4_umg2e")
texture_focused = ExtResource("4_umg2e")

[node name="Label" type="Label" parent="OPTIONS/Back Button"]
layout_mode = 0
offset_left = -25.3
offset_top = -0.2
offset_right = 102.7
offset_bottom = 15.8
scale = Vector2(0.5, 0.5)
pivot_offset = Vector2(64, 8)
theme_override_colors/font_color = Color(0, 0, 0, 1)
theme_override_fonts/font = ExtResource("5_3isth")
text = "Back"
horizontal_alignment = 1

[node name="AudioStreamPlayer2D" type="AudioStreamPlayer2D" parent="."]
bus = &"SFX"

[connection signal="draw" from="." to="." method="_on_draw"]
[connection signal="focus_entered" from="NORMAL/Resume Button" to="." method="_on_resume_button_focus_entered"]
[connection signal="mouse_entered" from="NORMAL/Resume Button" to="." method="_on_resume_button_mouse_entered"]
[connection signal="pressed" from="NORMAL/Resume Button" to="." method="_on_resume_button_pressed"]
[connection signal="focus_entered" from="NORMAL/Options Button" to="." method="_on_options_button_focus_entered"]
[connection signal="mouse_entered" from="NORMAL/Options Button" to="." method="_on_options_button_mouse_entered"]
[connection signal="pressed" from="NORMAL/Options Button" to="." method="_on_options_button_pressed"]
[connection signal="focus_entered" from="NORMAL/Back_To_Menu Button" to="." method="_on_back_to_menu_button_focus_entered"]
[connection signal="mouse_entered" from="NORMAL/Back_To_Menu Button" to="." method="_on_back_to_menu_button_mouse_entered"]
[connection signal="pressed" from="NORMAL/Back_To_Menu Button" to="." method="_on_back_to_menu_button_pressed"]
[connection signal="focus_entered" from="NORMAL/Back_To_Editor" to="." method="_on_back_to_editor_focus_entered"]
[connection signal="mouse_entered" from="NORMAL/Back_To_Editor" to="." method="_on_back_to_editor_mouse_entered"]
[connection signal="pressed" from="NORMAL/Back_To_Editor" to="." method="_on_back_to_editor_pressed"]
[connection signal="drag_ended" from="OPTIONS/GENERAL/SliderVolume" to="." method="_on_slider_volume_drag_ended"]
[connection signal="drag_ended" from="OPTIONS/MUSICA/SliderVolume" to="." method="_on_slider_volume_drag_ended"]
[connection signal="drag_ended" from="OPTIONS/SFX/SliderVolume" to="." method="_on_slider_volume_drag_ended"]
[connection signal="focus_entered" from="OPTIONS/Back Button" to="." method="_on_back_button_focus_entered"]
[connection signal="mouse_entered" from="OPTIONS/Back Button" to="." method="_on_back_button_mouse_entered"]
[connection signal="pressed" from="OPTIONS/Back Button" to="." method="_on_back_button_pressed"]
