[gd_scene load_steps=14 format=3 uid="uid://bhm84wq1q102g"]

[ext_resource type="Shader" path="res://Shaders/CardDisolve.gdshader" id="1_ge66j"]
[ext_resource type="Texture2D" uid="uid://dpqomr4apnq4l" path="res://Shaders/ac-texture-noise-mode-scalar-24.jpg" id="2_yaq7e"]
[ext_resource type="Texture2D" uid="uid://dsxv1tkhvw4x5" path="res://Sprites/Cards/White Cards/Heart3 Card.png" id="3_14lu8"]
[ext_resource type="Script" path="res://Scripts/Cards/Card.gd" id="4_sb2nk"]
[ext_resource type="Texture2D" uid="uid://c0va3impua8gy" path="res://Sprites/Cards/Green Cards/Heart3 Green Card.png" id="5_r2f1i"]
[ext_resource type="Texture2D" uid="uid://ba0l6hii5xgwb" path="res://Sprites/Cards/Yellow Cards/Heart3 Yellow Card.png" id="6_ua82i"]

[sub_resource type="Gradient" id="Gradient_hrfmd"]
interpolation_mode = 1
offsets = PackedFloat32Array(0, 0.108108, 0.282555, 0.4914, 1)
colors = PackedColorArray(1, 1, 1, 0, 0.469309, 0.000793291, 0.594892, 1, 0.470588, 0, 0.4, 1, 0.470588, 0, 0.890196, 1, 1, 1, 1, 0)

[sub_resource type="GradientTexture2D" id="GradientTexture2D_goifs"]
gradient = SubResource("Gradient_hrfmd")
fill_from = Vector2(0.5, 0.5)
fill_to = Vector2(1, 0.5)

[sub_resource type="ShaderMaterial" id="ShaderMaterial_scn26"]
resource_local_to_scene = true
shader = ExtResource("1_ge66j")
shader_parameter/progress = -1.0
shader_parameter/width = 0.145
shader_parameter/timed = false
shader_parameter/speed = 1.0
shader_parameter/angle = 0.0
shader_parameter/noise = ExtResource("2_yaq7e")
shader_parameter/colorCurve = SubResource("GradientTexture2D_goifs")

[sub_resource type="Animation" id="Animation_3h0s0"]
resource_name = "Disolve"
length = 0.5
tracks/0/type = "value"
tracks/0/imported = false
tracks/0/enabled = true
tracks/0/path = NodePath(".:material:shader_parameter/progress")
tracks/0/interp = 1
tracks/0/loop_wrap = true
tracks/0/keys = {
"times": PackedFloat32Array(0, 0.5),
"transitions": PackedFloat32Array(1, 1),
"update": 0,
"values": [-0.1, 1.1]
}

[sub_resource type="Animation" id="Animation_p5hux"]
length = 0.001
tracks/0/type = "value"
tracks/0/imported = false
tracks/0/enabled = true
tracks/0/path = NodePath(".:material:shader_parameter/progress")
tracks/0/interp = 1
tracks/0/loop_wrap = true
tracks/0/keys = {
"times": PackedFloat32Array(0),
"transitions": PackedFloat32Array(1),
"update": 0,
"values": [-1.0]
}

[sub_resource type="Animation" id="Animation_d82ku"]
resource_name = "Shake"
length = 0.3
loop_mode = 1
tracks/0/type = "value"
tracks/0/imported = false
tracks/0/enabled = true
tracks/0/path = NodePath(".:position")
tracks/0/interp = 1
tracks/0/loop_wrap = true
tracks/0/keys = {
"times": PackedFloat32Array(0, 0.1, 0.2, 0.3),
"transitions": PackedFloat32Array(1, 1, 1, 1),
"update": 0,
"values": [Vector2(0, 0), Vector2(1, 0), Vector2(1, 1), Vector2(0, 1)]
}

[sub_resource type="AnimationLibrary" id="AnimationLibrary_iiqam"]
_data = {
"Disolve": SubResource("Animation_3h0s0"),
"RESET": SubResource("Animation_p5hux"),
"Shake": SubResource("Animation_d82ku")
}

[node name="Life3Card" type="TextureRect"]
material = SubResource("ShaderMaterial_scn26")
offset_right = 35.0
offset_bottom = 50.0
pivot_offset = Vector2(17, 25)
texture = ExtResource("3_14lu8")
script = ExtResource("4_sb2nk")
floorPath = "res://Scenes/Floors/Game Floors/LifeBlocks/3LifeBlock.tscn"
greenCard = ExtResource("5_r2f1i")
yellowCard = ExtResource("6_ua82i")
whiteCard = ExtResource("3_14lu8")

[node name="AnimationPlayer" type="AnimationPlayer" parent="."]
libraries = {
"": SubResource("AnimationLibrary_iiqam")
}

[connection signal="animation_finished" from="AnimationPlayer" to="." method="_on_animation_player_animation_finished"]
