[gd_scene load_steps=20 format=3 uid="uid://dm5ksxshwalxo"]

[ext_resource type="Script" path="res://Scripts/Floor/NumberFloor.gd" id="1_fni8i"]
[ext_resource type="Texture2D" uid="uid://cbnyjybb4xdnp" path="res://Sprites/Floors sprites/Normal Floors/Normal Floor Touched .png" id="2_brtqe"]
[ext_resource type="Texture2D" uid="uid://c30e7c8f3of2e" path="res://Sprites/Floors sprites/Number Floor/Number Floor 1 touched .png" id="3_gk68o"]
[ext_resource type="Texture2D" uid="uid://d4ccuyuwyfjp3" path="res://Sprites/Floors sprites/Number Floor/Number Floor 2 Touched .png" id="4_7siux"]
[ext_resource type="Texture2D" uid="uid://ds1g3k3giaac1" path="res://Sprites/Floors sprites/Number Floor/Number Floor 3 touched .png" id="5_6dy8a"]
[ext_resource type="Texture2D" uid="uid://bwkpi2phbsbvo" path="res://Sprites/Floors sprites/Number Floor/Number Floor 4 touched.png" id="6_fiq5h"]
[ext_resource type="Texture2D" uid="uid://cyntmu6n08q10" path="res://Sprites/Floors sprites/Number Floor/Number Floor 5 touched.png" id="7_xb2da"]
[ext_resource type="Texture2D" uid="uid://u7vscxqn2tfw" path="res://Sprites/Floors sprites/Normal Floors/Normal White Floor.png" id="8_68wxj"]
[ext_resource type="Texture2D" uid="uid://dxxk0qef2nk6j" path="res://Sprites/Floors sprites/Number Floor/Number White Floor 1.png" id="9_6m08i"]
[ext_resource type="Texture2D" uid="uid://c8x3wkqv2aaj" path="res://Sprites/Floors sprites/Number Floor/Number White Floor 2.png" id="10_s5dv3"]
[ext_resource type="Texture2D" uid="uid://xwbfjtggpdlq" path="res://Sprites/Floors sprites/Number Floor/Number White Floor 3.png" id="11_qctap"]
[ext_resource type="Texture2D" uid="uid://c5ev6pr8mv17m" path="res://Sprites/Floors sprites/Number Floor/Number White Floor 4.png" id="12_x3ic4"]
[ext_resource type="Texture2D" uid="uid://do6sv6704jpml" path="res://Sprites/Floors sprites/Number Floor/Number White Floor 5.png" id="13_l5ctd"]
[ext_resource type="Texture2D" uid="uid://cj3d3n5t5fob0" path="res://Sprites/Floors sprites/Number Floor/Number Yellow Floor 5 .png" id="14_vq2ay"]
[ext_resource type="Texture2D" uid="uid://bpftwccpc43kg" path="res://Sprites/Floors sprites/Number Floor/Number Green Floor 5 .png" id="15_hmh44"]

[sub_resource type="RectangleShape2D" id="RectangleShape2D_e4aam"]
size = Vector2(17.1582, 561.402)

[sub_resource type="RectangleShape2D" id="RectangleShape2D_56pmb"]
size = Vector2(420.984, 0.0492708)

[sub_resource type="Animation" id="Animation_rr5n0"]
resource_name = "Destroy"
length = 0.5
tracks/0/type = "value"
tracks/0/imported = false
tracks/0/enabled = true
tracks/0/path = NodePath(".:scale")
tracks/0/interp = 1
tracks/0/loop_wrap = true
tracks/0/keys = {
"times": PackedFloat32Array(0, 0.5),
"transitions": PackedFloat32Array(1, 1),
"update": 0,
"values": [Vector2(1, 1), Vector2(1e-05, 1e-05)]
}

[sub_resource type="AnimationLibrary" id="AnimationLibrary_h4xgp"]
_data = {
"Destroy": SubResource("Animation_rr5n0")
}

[node name="Number Floor  5" type="StaticBody2D"]
texture_filter = 1
script = ExtResource("1_fni8i")
yellow = Color(1, 1, 1, 1)
green = Color(1, 1, 1, 1)
Texture_0_Touched = ExtResource("2_brtqe")
Texture_1_Touched = ExtResource("3_gk68o")
Texture_2_Touched = ExtResource("4_7siux")
Texture_3_Touched = ExtResource("5_6dy8a")
Texture_4_Touched = ExtResource("6_fiq5h")
Texture_5_Touched = ExtResource("7_xb2da")
Texture_0 = ExtResource("8_68wxj")
Texture_1 = ExtResource("9_6m08i")
Texture_2 = ExtResource("10_s5dv3")
Texture_3 = ExtResource("11_qctap")
Texture_4 = ExtResource("12_x3ic4")
Texture_5 = ExtResource("13_l5ctd")
NumeroInicial = 5
InitialWhiteSprite = ExtResource("13_l5ctd")
InitialYellowSprite = ExtResource("14_vq2ay")
InitialGreenSprite = ExtResource("15_hmh44")
TouchedSprite = ExtResource("7_xb2da")

[node name="CollisionShape2D" type="CollisionShape2D" parent="."]
position = Vector2(7.15256e-07, 4.76837e-07)
rotation = -3.14159
scale = Vector2(1.865, -0.057)
shape = SubResource("RectangleShape2D_e4aam")

[node name="Sprite2D" type="Sprite2D" parent="."]
texture_filter = 1
texture = ExtResource("13_l5ctd")

[node name="Area2D" type="Area2D" parent="."]
position = Vector2(0, -2.8)
scale = Vector2(2.2, 1)

[node name="CollisionShape2D" type="CollisionShape2D" parent="Area2D"]
position = Vector2(-1.62558e-07, -13.45)
scale = Vector2(0.0302322, 10.148)
shape = SubResource("RectangleShape2D_56pmb")

[node name="AudioStreamPlayer2D" type="AudioStreamPlayer2D" parent="."]
volume_db = 1.0
bus = &"SFX"

[node name="AnimationPlayer" type="AnimationPlayer" parent="."]
libraries = {
"": SubResource("AnimationLibrary_h4xgp")
}

[connection signal="body_entered" from="Area2D" to="." method="_on_area_2d_body_entered"]
