[gd_scene load_steps=31 format=3 uid="uid://bujtgcgbg36b0"]

[ext_resource type="Script" path="res://Scripts/Personaje.gd" id="1_saq6x"]
[ext_resource type="Texture2D" uid="uid://6k3b0vbf63g5" path="res://Animation/Employee/employee-idle.png" id="3_2hjgq"]
[ext_resource type="Texture2D" uid="uid://bhxm5jtihw5j2" path="res://Animation/Employee/employee-die.png" id="3_yl8gh"]
[ext_resource type="Texture2D" uid="uid://ib4edtj0icaq" path="res://Animation/Employee/employee-walk.png" id="4_i13pk"]
[ext_resource type="Texture2D" uid="uid://bj1xf8i5syjud" path="res://Animation/Employee/employee-fall.png" id="5_t8vf4"]
[ext_resource type="Texture2D" uid="uid://c651yf70x2q18" path="res://Animation/Employee/employee-jump.png" id="6_0fos4"]
[ext_resource type="Texture2D" uid="uid://c8u5frh7loiku" path="res://Animation/Clown/clown-walk.png" id="7_dtyc5"]
[ext_resource type="Texture2D" uid="uid://bl6rvomasdijh" path="res://Animation/Clown/clown-idle.png" id="8_cfttq"]
[ext_resource type="Texture2D" uid="uid://dlasf5w1d205w" path="res://Animation/Clown/clown-jump.png" id="9_hprfu"]
[ext_resource type="Texture2D" uid="uid://c8511ypbfq8ye" path="res://Animation/Clown/clown-fall.png" id="10_xvkcx"]
[ext_resource type="Texture2D" uid="uid://b03wco8ujaqp6" path="res://Animation/Clown/clown-disappear.png" id="11_1xqh5"]
[ext_resource type="Texture2D" uid="uid://c8jdejfmpjl21" path="res://Animation/Employee/employee-appear.png" id="12_wahcq"]

[sub_resource type="RectangleShape2D" id="RectangleShape2D_wmtjd"]
size = Vector2(8, 45)

[sub_resource type="Gradient" id="Gradient_y4kqs"]
interpolation_mode = 1
offsets = PackedFloat32Array(0, 0.688312)
colors = PackedColorArray(1, 1, 1, 1, 0, 0, 0, 1)

[sub_resource type="GradientTexture2D" id="GradientTexture2D_50oyc"]
gradient = SubResource("Gradient_y4kqs")
fill = 1
fill_from = Vector2(0.5, 0.5)
fill_to = Vector2(0.9, 0)

[sub_resource type="Animation" id="Animation_4w6x5"]
resource_name = "Appear"
length = 1.5
tracks/0/type = "value"
tracks/0/imported = false
tracks/0/enabled = true
tracks/0/path = NodePath("Sprite2D:hframes")
tracks/0/interp = 1
tracks/0/loop_wrap = true
tracks/0/keys = {
"times": PackedFloat32Array(0),
"transitions": PackedFloat32Array(1),
"update": 1,
"values": [14]
}
tracks/1/type = "value"
tracks/1/imported = false
tracks/1/enabled = true
tracks/1/path = NodePath("Sprite2D:texture")
tracks/1/interp = 1
tracks/1/loop_wrap = true
tracks/1/keys = {
"times": PackedFloat32Array(0),
"transitions": PackedFloat32Array(1),
"update": 1,
"values": [ExtResource("12_wahcq")]
}
tracks/2/type = "value"
tracks/2/imported = false
tracks/2/enabled = true
tracks/2/path = NodePath("Sprite2D:frame")
tracks/2/interp = 1
tracks/2/loop_wrap = true
tracks/2/keys = {
"times": PackedFloat32Array(0, 0.1, 0.2, 0.3, 0.4, 0.5, 0.6, 0.7, 0.8, 0.9, 1, 1.1, 1.2, 1.3, 1.4),
"transitions": PackedFloat32Array(1, 1, 1, 1, 1, 1, 1, 1, 1, 1, 1, 1, 1, 1, 1),
"update": 1,
"values": [0, 1, 2, 3, 4, 5, 6, 7, 8, 9, 10, 11, 12, 12, 13]
}

[sub_resource type="Animation" id="Animation_yetdp"]
resource_name = "Clown_Dissapear"
length = 1.8
tracks/0/type = "value"
tracks/0/imported = false
tracks/0/enabled = true
tracks/0/path = NodePath("Sprite2D:texture")
tracks/0/interp = 1
tracks/0/loop_wrap = true
tracks/0/keys = {
"times": PackedFloat32Array(0),
"transitions": PackedFloat32Array(1),
"update": 1,
"values": [ExtResource("11_1xqh5")]
}
tracks/1/type = "value"
tracks/1/imported = false
tracks/1/enabled = true
tracks/1/path = NodePath("Sprite2D:hframes")
tracks/1/interp = 1
tracks/1/loop_wrap = true
tracks/1/keys = {
"times": PackedFloat32Array(0),
"transitions": PackedFloat32Array(1),
"update": 1,
"values": [19]
}
tracks/2/type = "value"
tracks/2/imported = false
tracks/2/enabled = true
tracks/2/path = NodePath("Sprite2D:frame")
tracks/2/interp = 1
tracks/2/loop_wrap = true
tracks/2/keys = {
"times": PackedFloat32Array(0, 0.1, 0.2, 0.3, 0.4, 0.5, 0.6, 0.7, 0.8, 0.9, 1, 1.1, 1.2, 1.3, 1.4, 1.5, 1.6, 1.7),
"transitions": PackedFloat32Array(1, 1, 1, 1, 1, 1, 1, 1, 1, 1, 1, 1, 1, 1, 1, 1, 1, 1),
"update": 1,
"values": [0, 1, 2, 3, 4, 5, 6, 7, 8, 9, 10, 11, 12, 13, 14, 15, 16, 17]
}

[sub_resource type="Animation" id="Animation_f0b1e"]
resource_name = "Clown_Fall"
tracks/0/type = "value"
tracks/0/imported = false
tracks/0/enabled = true
tracks/0/path = NodePath("Sprite2D:hframes")
tracks/0/interp = 1
tracks/0/loop_wrap = true
tracks/0/keys = {
"times": PackedFloat32Array(0),
"transitions": PackedFloat32Array(1),
"update": 1,
"values": [1]
}
tracks/1/type = "value"
tracks/1/imported = false
tracks/1/enabled = true
tracks/1/path = NodePath("Sprite2D:texture")
tracks/1/interp = 1
tracks/1/loop_wrap = true
tracks/1/keys = {
"times": PackedFloat32Array(0),
"transitions": PackedFloat32Array(1),
"update": 1,
"values": [ExtResource("10_xvkcx")]
}
tracks/2/type = "value"
tracks/2/imported = false
tracks/2/enabled = true
tracks/2/path = NodePath("Sprite2D:frame")
tracks/2/interp = 1
tracks/2/loop_wrap = true
tracks/2/keys = {
"times": PackedFloat32Array(0),
"transitions": PackedFloat32Array(1),
"update": 1,
"values": [0]
}

[sub_resource type="Animation" id="Animation_vynrk"]
resource_name = "Clown_Idle"
length = 0.5
tracks/0/type = "value"
tracks/0/imported = false
tracks/0/enabled = true
tracks/0/path = NodePath("Sprite2D:texture")
tracks/0/interp = 1
tracks/0/loop_wrap = true
tracks/0/keys = {
"times": PackedFloat32Array(0),
"transitions": PackedFloat32Array(1),
"update": 1,
"values": [ExtResource("8_cfttq")]
}
tracks/1/type = "value"
tracks/1/imported = false
tracks/1/enabled = true
tracks/1/path = NodePath("Sprite2D:hframes")
tracks/1/interp = 1
tracks/1/loop_wrap = true
tracks/1/keys = {
"times": PackedFloat32Array(0),
"transitions": PackedFloat32Array(1),
"update": 1,
"values": [6]
}
tracks/2/type = "value"
tracks/2/imported = false
tracks/2/enabled = true
tracks/2/path = NodePath("Sprite2D:frame")
tracks/2/interp = 1
tracks/2/loop_wrap = true
tracks/2/keys = {
"times": PackedFloat32Array(0, 0.1, 0.2, 0.3, 0.4),
"transitions": PackedFloat32Array(1, 1, 1, 1, 1),
"update": 1,
"values": [0, 1, 2, 3, 4]
}

[sub_resource type="Animation" id="Animation_3agvx"]
resource_name = "Clown_Jump"
length = 0.1
tracks/0/type = "value"
tracks/0/imported = false
tracks/0/enabled = true
tracks/0/path = NodePath("Sprite2D:hframes")
tracks/0/interp = 1
tracks/0/loop_wrap = true
tracks/0/keys = {
"times": PackedFloat32Array(0),
"transitions": PackedFloat32Array(1),
"update": 1,
"values": [1]
}
tracks/1/type = "value"
tracks/1/imported = false
tracks/1/enabled = true
tracks/1/path = NodePath("Sprite2D:texture")
tracks/1/interp = 1
tracks/1/loop_wrap = true
tracks/1/keys = {
"times": PackedFloat32Array(0),
"transitions": PackedFloat32Array(1),
"update": 1,
"values": [ExtResource("9_hprfu")]
}
tracks/2/type = "value"
tracks/2/imported = false
tracks/2/enabled = true
tracks/2/path = NodePath("Sprite2D:frame")
tracks/2/interp = 1
tracks/2/loop_wrap = true
tracks/2/keys = {
"times": PackedFloat32Array(0),
"transitions": PackedFloat32Array(1),
"update": 1,
"values": [0]
}

[sub_resource type="Animation" id="Animation_jat7u"]
resource_name = "Clown_Walk"
loop_mode = 1
tracks/0/type = "value"
tracks/0/imported = false
tracks/0/enabled = true
tracks/0/path = NodePath("Sprite2D:hframes")
tracks/0/interp = 1
tracks/0/loop_wrap = true
tracks/0/keys = {
"times": PackedFloat32Array(0),
"transitions": PackedFloat32Array(1),
"update": 1,
"values": [10]
}
tracks/1/type = "value"
tracks/1/imported = false
tracks/1/enabled = true
tracks/1/path = NodePath("Sprite2D:texture")
tracks/1/interp = 1
tracks/1/loop_wrap = true
tracks/1/keys = {
"times": PackedFloat32Array(0),
"transitions": PackedFloat32Array(1),
"update": 1,
"values": [ExtResource("7_dtyc5")]
}
tracks/2/type = "value"
tracks/2/imported = false
tracks/2/enabled = true
tracks/2/path = NodePath("Sprite2D:frame")
tracks/2/interp = 1
tracks/2/loop_wrap = true
tracks/2/keys = {
"times": PackedFloat32Array(0, 0.1, 0.2, 0.3, 0.4, 0.5, 0.6, 0.7, 0.8, 0.9),
"transitions": PackedFloat32Array(1, 1, 1, 1, 1, 1, 1, 1, 1, 1),
"update": 1,
"values": [0, 1, 2, 3, 4, 5, 6, 7, 8, 9]
}

[sub_resource type="Animation" id="Animation_sqp2g"]
resource_name = "Die"
tracks/0/type = "value"
tracks/0/imported = false
tracks/0/enabled = true
tracks/0/path = NodePath("Sprite2D:hframes")
tracks/0/interp = 1
tracks/0/loop_wrap = true
tracks/0/keys = {
"times": PackedFloat32Array(0),
"transitions": PackedFloat32Array(1),
"update": 1,
"values": [9]
}
tracks/1/type = "value"
tracks/1/imported = false
tracks/1/enabled = true
tracks/1/path = NodePath("Sprite2D:texture")
tracks/1/interp = 1
tracks/1/loop_wrap = true
tracks/1/keys = {
"times": PackedFloat32Array(0),
"transitions": PackedFloat32Array(1),
"update": 1,
"values": [ExtResource("3_yl8gh")]
}
tracks/2/type = "value"
tracks/2/imported = false
tracks/2/enabled = true
tracks/2/path = NodePath("Sprite2D:frame")
tracks/2/interp = 1
tracks/2/loop_wrap = true
tracks/2/keys = {
"times": PackedFloat32Array(0, 0.1, 0.2, 0.3, 0.4, 0.5, 0.6, 0.7, 0.8, 0.9),
"transitions": PackedFloat32Array(1, 1, 1, 1, 1, 1, 1, 1, 1, 1),
"update": 1,
"values": [0, 1, 2, 3, 4, 5, 6, 7, 8, 8]
}

[sub_resource type="Animation" id="Animation_vsvdi"]
resource_name = "Jump"
tracks/0/type = "value"
tracks/0/imported = false
tracks/0/enabled = true
tracks/0/path = NodePath("Sprite2D:texture")
tracks/0/interp = 1
tracks/0/loop_wrap = true
tracks/0/keys = {
"times": PackedFloat32Array(0),
"transitions": PackedFloat32Array(1),
"update": 1,
"values": [ExtResource("6_0fos4")]
}
tracks/1/type = "value"
tracks/1/imported = false
tracks/1/enabled = true
tracks/1/path = NodePath("Sprite2D:hframes")
tracks/1/interp = 1
tracks/1/loop_wrap = true
tracks/1/keys = {
"times": PackedFloat32Array(0),
"transitions": PackedFloat32Array(1),
"update": 1,
"values": [1]
}
tracks/2/type = "value"
tracks/2/imported = false
tracks/2/enabled = true
tracks/2/path = NodePath("Sprite2D:frame")
tracks/2/interp = 1
tracks/2/loop_wrap = true
tracks/2/keys = {
"times": PackedFloat32Array(0),
"transitions": PackedFloat32Array(1),
"update": 1,
"values": [0]
}
tracks/3/type = "value"
tracks/3/imported = false
tracks/3/enabled = true
tracks/3/path = NodePath("Sprite2D:position")
tracks/3/interp = 1
tracks/3/loop_wrap = true
tracks/3/keys = {
"times": PackedFloat32Array(0),
"transitions": PackedFloat32Array(1),
"update": 0,
"values": [Vector2(0, 0)]
}

[sub_resource type="Animation" id="Animation_x6imp"]
length = 0.001
tracks/0/type = "value"
tracks/0/imported = false
tracks/0/enabled = true
tracks/0/path = NodePath(".:scale")
tracks/0/interp = 1
tracks/0/loop_wrap = true
tracks/0/keys = {
"times": PackedFloat32Array(0),
"transitions": PackedFloat32Array(1),
"update": 0,
"values": [Vector2(1, 1)]
}
tracks/1/type = "value"
tracks/1/imported = false
tracks/1/enabled = true
tracks/1/path = NodePath("Sprite2D:texture")
tracks/1/interp = 1
tracks/1/loop_wrap = true
tracks/1/keys = {
"times": PackedFloat32Array(0),
"transitions": PackedFloat32Array(1),
"update": 1,
"values": [ExtResource("3_2hjgq")]
}
tracks/2/type = "value"
tracks/2/imported = false
tracks/2/enabled = true
tracks/2/path = NodePath("Sprite2D:frame")
tracks/2/interp = 1
tracks/2/loop_wrap = true
tracks/2/keys = {
"times": PackedFloat32Array(0),
"transitions": PackedFloat32Array(1),
"update": 1,
"values": [0]
}
tracks/3/type = "value"
tracks/3/imported = false
tracks/3/enabled = true
tracks/3/path = NodePath("Sprite2D:hframes")
tracks/3/interp = 1
tracks/3/loop_wrap = true
tracks/3/keys = {
"times": PackedFloat32Array(0),
"transitions": PackedFloat32Array(1),
"update": 1,
"values": [6]
}
tracks/4/type = "value"
tracks/4/imported = false
tracks/4/enabled = true
tracks/4/path = NodePath("Sprite2D:position")
tracks/4/interp = 1
tracks/4/loop_wrap = true
tracks/4/keys = {
"times": PackedFloat32Array(0),
"transitions": PackedFloat32Array(1),
"update": 0,
"values": [Vector2(0, 0)]
}

[sub_resource type="Animation" id="Animation_yslsr"]
resource_name = "Teleport_In"
length = 0.30001
tracks/0/type = "value"
tracks/0/imported = false
tracks/0/enabled = true
tracks/0/path = NodePath(".:scale")
tracks/0/interp = 1
tracks/0/loop_wrap = true
tracks/0/keys = {
"times": PackedFloat32Array(0, 0.3),
"transitions": PackedFloat32Array(1, 1),
"update": 0,
"values": [Vector2(0, 1), Vector2(1, 1)]
}

[sub_resource type="Animation" id="Animation_sip2o"]
resource_name = "Teleport_Out"
length = 0.30001
tracks/0/type = "value"
tracks/0/imported = false
tracks/0/enabled = true
tracks/0/path = NodePath(".:scale")
tracks/0/interp = 1
tracks/0/loop_wrap = true
tracks/0/keys = {
"times": PackedFloat32Array(0, 0.3),
"transitions": PackedFloat32Array(1, 1),
"update": 0,
"values": [Vector2(1, 1), Vector2(0, 1)]
}

[sub_resource type="Animation" id="Animation_mhfap"]
resource_name = "Walk"
length = 0.6
loop_mode = 1
tracks/0/type = "value"
tracks/0/imported = false
tracks/0/enabled = true
tracks/0/path = NodePath("Sprite2D:texture")
tracks/0/interp = 1
tracks/0/loop_wrap = true
tracks/0/keys = {
"times": PackedFloat32Array(0),
"transitions": PackedFloat32Array(1),
"update": 1,
"values": [ExtResource("4_i13pk")]
}
tracks/1/type = "value"
tracks/1/imported = false
tracks/1/enabled = true
tracks/1/path = NodePath("Sprite2D:frame")
tracks/1/interp = 1
tracks/1/loop_wrap = true
tracks/1/keys = {
"times": PackedFloat32Array(0, 0.1, 0.2, 0.3, 0.4, 0.5),
"transitions": PackedFloat32Array(1, 1, 1, 1, 1, 1),
"update": 1,
"values": [0, 1, 2, 3, 4, 5]
}
tracks/2/type = "value"
tracks/2/imported = false
tracks/2/enabled = true
tracks/2/path = NodePath("Sprite2D:hframes")
tracks/2/interp = 1
tracks/2/loop_wrap = true
tracks/2/keys = {
"times": PackedFloat32Array(0),
"transitions": PackedFloat32Array(1),
"update": 1,
"values": [6]
}
tracks/3/type = "value"
tracks/3/imported = false
tracks/3/enabled = true
tracks/3/path = NodePath("Sprite2D:position")
tracks/3/interp = 1
tracks/3/loop_wrap = true
tracks/3/keys = {
"times": PackedFloat32Array(0),
"transitions": PackedFloat32Array(1),
"update": 0,
"values": [Vector2(0, 0)]
}

[sub_resource type="Animation" id="Animation_qv7ge"]
resource_name = "fall"
length = 0.1
tracks/0/type = "value"
tracks/0/imported = false
tracks/0/enabled = true
tracks/0/path = NodePath("Sprite2D:texture")
tracks/0/interp = 1
tracks/0/loop_wrap = true
tracks/0/keys = {
"times": PackedFloat32Array(0),
"transitions": PackedFloat32Array(1),
"update": 1,
"values": [ExtResource("5_t8vf4")]
}
tracks/1/type = "value"
tracks/1/imported = false
tracks/1/enabled = true
tracks/1/path = NodePath("Sprite2D:hframes")
tracks/1/interp = 1
tracks/1/loop_wrap = true
tracks/1/keys = {
"times": PackedFloat32Array(0),
"transitions": PackedFloat32Array(1),
"update": 1,
"values": [1]
}
tracks/2/type = "value"
tracks/2/imported = false
tracks/2/enabled = true
tracks/2/path = NodePath("Sprite2D:frame")
tracks/2/interp = 1
tracks/2/loop_wrap = true
tracks/2/keys = {
"times": PackedFloat32Array(0),
"transitions": PackedFloat32Array(1),
"update": 1,
"values": [0]
}
tracks/3/type = "value"
tracks/3/imported = false
tracks/3/enabled = true
tracks/3/path = NodePath("Sprite2D:position")
tracks/3/interp = 1
tracks/3/loop_wrap = true
tracks/3/keys = {
"times": PackedFloat32Array(0),
"transitions": PackedFloat32Array(1),
"update": 0,
"values": [Vector2(0, 0)]
}

[sub_resource type="Animation" id="Animation_jufda"]
resource_name = "idle"
length = 0.6
loop_mode = 1
tracks/0/type = "value"
tracks/0/imported = false
tracks/0/enabled = true
tracks/0/path = NodePath("Sprite2D:texture")
tracks/0/interp = 1
tracks/0/loop_wrap = true
tracks/0/keys = {
"times": PackedFloat32Array(0),
"transitions": PackedFloat32Array(1),
"update": 1,
"values": [ExtResource("3_2hjgq")]
}
tracks/1/type = "value"
tracks/1/imported = false
tracks/1/enabled = true
tracks/1/path = NodePath("Sprite2D:frame")
tracks/1/interp = 1
tracks/1/loop_wrap = true
tracks/1/keys = {
"times": PackedFloat32Array(0, 0.1, 0.2, 0.3, 0.4, 0.5),
"transitions": PackedFloat32Array(1, 1, 1, 1, 1, 1),
"update": 1,
"values": [0, 1, 2, 3, 4, 5]
}
tracks/2/type = "value"
tracks/2/imported = false
tracks/2/enabled = true
tracks/2/path = NodePath("Sprite2D:hframes")
tracks/2/interp = 1
tracks/2/loop_wrap = true
tracks/2/keys = {
"times": PackedFloat32Array(0),
"transitions": PackedFloat32Array(1),
"update": 1,
"values": [6]
}
tracks/3/type = "value"
tracks/3/imported = false
tracks/3/enabled = true
tracks/3/path = NodePath("Sprite2D:position")
tracks/3/interp = 1
tracks/3/loop_wrap = true
tracks/3/keys = {
"times": PackedFloat32Array(0),
"transitions": PackedFloat32Array(1),
"update": 0,
"values": [Vector2(0, 0)]
}

[sub_resource type="AnimationLibrary" id="AnimationLibrary_qra4c"]
_data = {
"Appear": SubResource("Animation_4w6x5"),
"Clown_Dissapear": SubResource("Animation_yetdp"),
"Clown_Fall": SubResource("Animation_f0b1e"),
"Clown_Idle": SubResource("Animation_vynrk"),
"Clown_Jump": SubResource("Animation_3agvx"),
"Clown_Walk": SubResource("Animation_jat7u"),
"Die": SubResource("Animation_sqp2g"),
"Jump": SubResource("Animation_vsvdi"),
"RESET": SubResource("Animation_x6imp"),
"Teleport_In": SubResource("Animation_yslsr"),
"Teleport_Out": SubResource("Animation_sip2o"),
"Walk": SubResource("Animation_mhfap"),
"fall": SubResource("Animation_qv7ge"),
"idle": SubResource("Animation_jufda")
}

[node name="Personaje" type="CharacterBody2D" groups=["Player"]]
script = ExtResource("1_saq6x")

[node name="CollisionShape2D" type="CollisionShape2D" parent="."]
position = Vector2(-1, 0)
shape = SubResource("RectangleShape2D_wmtjd")

[node name="Sprite2D" type="Sprite2D" parent="."]
texture_filter = 1
texture = ExtResource("3_2hjgq")
hframes = 6

[node name="CoyoteJumpTimer" type="Timer" parent="."]
wait_time = 0.1
one_shot = true

[node name="PointLight2D" type="PointLight2D" parent="."]
visible = false
scale = Vector2(5, 5)
texture = SubResource("GradientTexture2D_50oyc")

[node name="AnimationPlayer" type="AnimationPlayer" parent="."]
libraries = {
"": SubResource("AnimationLibrary_qra4c")
}

[node name="AudioStreamPlayer2D" type="AudioStreamPlayer2D" parent="."]
volume_db = 0.04
bus = &"SFX"

[node name="PowerSprite" type="Sprite2D" parent="."]
position = Vector2(0, -34)
scale = Vector2(0.5, 0.5)
