[gd_scene load_steps=14 format=3 uid="uid://d1ckbgcvienhv"]

[ext_resource type="Shader" path="res://Shaders/CardDisolve.gdshader" id="1_1cryl"]
[ext_resource type="Texture2D" uid="uid://bg54edek8o80i" path="res://Sprites/Cards/White Cards/Move Right card.png" id="1_08r5i"]
[ext_resource type="Texture2D" uid="uid://dpqomr4apnq4l" path="res://Shaders/ac-texture-noise-mode-scalar-24.jpg" id="2_8tg2q"]
[ext_resource type="Script" path="res://Scripts/Cards/Card.gd" id="4_ydl71"]
[ext_resource type="Texture2D" uid="uid://ojfwiqcyodwt" path="res://Sprites/Cards/Green Cards/Move Right Green card.png" id="5_u50gx"]
[ext_resource type="Texture2D" uid="uid://faivhw88u1nt" path="res://Sprites/Cards/Yellow Cards/Move Right Yellow card.png" id="6_pxr0y"]

[sub_resource type="Gradient" id="Gradient_hrfmd"]
interpolation_mode = 1
offsets = PackedFloat32Array(0, 0.108108, 0.282555, 0.4914, 1)
colors = PackedColorArray(1, 1, 1, 0, 0.469309, 0.000793291, 0.594892, 1, 0.470588, 0, 0.4, 1, 0.470588, 0, 0.890196, 1, 1, 1, 1, 0)

[sub_resource type="GradientTexture2D" id="GradientTexture2D_goifs"]
gradient = SubResource("Gradient_hrfmd")
fill_from = Vector2(0.5, 0.5)
fill_to = Vector2(1, 0.5)

[sub_resource type="ShaderMaterial" id="ShaderMaterial_iaixt"]
resource_local_to_scene = true
shader = ExtResource("1_1cryl")
shader_parameter/progress = -1.0
shader_parameter/width = 0.145
shader_parameter/timed = false
shader_parameter/speed = 1.0
shader_parameter/angle = 0.0
shader_parameter/noise = ExtResource("2_8tg2q")
shader_parameter/colorCurve = SubResource("GradientTexture2D_goifs")

[sub_resource type="Animation" id="Animation_3h0s0"]
resource_name = "Disolve"
length = 0.5
tracks/0/type = "value"
tracks/0/imported = false
tracks/0/enabled = true
tracks/0/path = NodePath(".:material:shader_parameter/progress")
tracks/0/interp = 1
tracks/0/loop_wrap = true
tracks/0/keys = {
"times": PackedFloat32Array(0, 0.5),
"transitions": PackedFloat32Array(1, 1),
"update": 0,
"values": [-0.1, 1.1]
}

[sub_resource type="Animation" id="Animation_p5hux"]
length = 0.001
tracks/0/type = "value"
tracks/0/imported = false
tracks/0/enabled = true
tracks/0/path = NodePath(".:material:shader_parameter/progress")
tracks/0/interp = 1
tracks/0/loop_wrap = true
tracks/0/keys = {
"times": PackedFloat32Array(0),
"transitions": PackedFloat32Array(1),
"update": 0,
"values": [-1.0]
}

[sub_resource type="Animation" id="Animation_d82ku"]
resource_name = "Shake"
length = 0.3
loop_mode = 1
tracks/0/type = "value"
tracks/0/imported = false
tracks/0/enabled = true
tracks/0/path = NodePath(".:position")
tracks/0/interp = 1
tracks/0/loop_wrap = true
tracks/0/keys = {
"times": PackedFloat32Array(0, 0.1, 0.2, 0.3),
"transitions": PackedFloat32Array(1, 1, 1, 1),
"update": 0,
"values": [Vector2(0, 0), Vector2(1, 0), Vector2(1, 1), Vector2(0, 1)]
}

[sub_resource type="AnimationLibrary" id="AnimationLibrary_iiqam"]
_data = {
"Disolve": SubResource("Animation_3h0s0"),
"RESET": SubResource("Animation_p5hux"),
"Shake": SubResource("Animation_d82ku")
}

[node name="MoveRightCard" type="TextureRect"]
material = SubResource("ShaderMaterial_iaixt")
offset_right = 35.0
offset_bottom = 50.0
pivot_offset = Vector2(17, 25)
texture = ExtResource("1_08r5i")
script = ExtResource("4_ydl71")
floorPath = "res://Scenes/Floors/Game Floors/MoveFloors/MoveRightFloor.tscn"
greenCard = ExtResource("5_u50gx")
yellowCard = ExtResource("6_pxr0y")
whiteCard = ExtResource("1_08r5i")

[node name="AnimationPlayer" type="AnimationPlayer" parent="."]
libraries = {
"": SubResource("AnimationLibrary_iiqam")
}
